
@article{light1993typewriter,
  title={Typewriter keyboards via simulated annealing},
  author={Light, Lissa W and Anderson, Peter G},
  journal={AI Expert},
  year={1993}
}

@article{hiraga,
  title={An Analysis of the Standard English Keyboard},
  author={Hiraga, Yuzuru and Ono, Yoshihiko and Yamada-Hisao},
  journal={Journal of Information Processing},
  volume={2},
  number={4},
  pages={247--248},
  year={1980}
}
}
%  . “ An analysis of the standard English keyboard ” .   . 

@inbook{SAOverview,
author = {Busetti, Franco},
year = {2001},
month = {05},
pages = {},
title = {Simulated annealing overview}
}

@Book{pearl:88,
  author = 	 {Judea Pearl},
  title = 	 {Probabilistic {R}easoning in {I}ntelligent {S}ystems: 
		  {N}etworks of {P}lausible {I}nference},
  publisher = 	 {Morgan Kaufman Publishers},
  year = 	 {1988},
  address = 	 {San Mateo, CA}
}

@Book{dvoraketal,
    author = {Dvorak, A., and Merrick, N.L., and Dealey, W.L., and Ford G.C},
    title = {Typewriting Behavior: Psychology applied to teaching and learning Typewriting.},
    publisher = {American Book Company},
    year = {1936},
    address = {New York, USA}
}

@article{eggers2003optimization,
  title={Optimization of the keyboard arrangement problem using an ant colony algorithm},
  author={Eggers, Jan and Feillet, Dominique and Kehl, Steffen and Wagner, Marc Oliver and Yannou, Bernard},
  journal={European Journal of Operational Research},
  volume={148},
  number={3},
  pages={672--686},
  year={2003},
  publisher={Elsevier}
}

@article{yin2011cyber,
  title={Cyber Swarm optimization for general keyboard arrangement problem},
  author={Yin, Peng-Yeng and Su, En-Ping},
  journal={International Journal of Industrial Ergonomics},
  volume={41},
  number={1},
  pages={43--52},
  year={2011},
  publisher={Elsevier}
}

@book{liebrock2005proceedings,
  title={Proceedings of the 2005 ACM symposium on Applied computing},
  author={Liebrock, Lorie M},
  year={2005},
  publisher={ACM}
}

@inproceedings{feit2016we,
  title={How we type: Movement strategies and performance in everyday typing},
  author={Feit, Anna Maria and Weir, Daryl and Oulasvirta, Antti},
  booktitle={Proceedings of the 2016 chi conference on human factors in computing systems},
  pages={4262--4273},
  year={2016}
}

@article{ladany1975model,
  title={A model for optimal design of keyboards},
  author={Ladany, Shaul P},
  journal={Computers \& Operations Research},
  volume={2},
  number={1},
  pages={55--59},
  year={1975},
  publisher={Elsevier}
}

@article{fagarasanu2003carpal,
  title={Carpal tunnel syndrome due to keyboarding and mouse tasks: a review},
  author={Fagarasanu, Mircea and Kumar, Shrawan},
  journal={International Journal of Industrial Ergonomics},
  volume={31},
  number={2},
  pages={119--136},
  year={2003},
  publisher={Elsevier}
}

@article{amell2000cumulative,
  title={Cumulative trauma disorders and keyboarding work},
  author={Amell, TK and Kumar, S},
  journal={International journal of industrial ergonomics},
  volume={25},
  number={1},
  pages={69--78},
  year={2000},
  publisher={Elsevier}
}

@article{wagner2003ergonomic,
  title={Ergonomic modelling and optimization of the keyboard arrangement with an ant colony algorithm},
  author={Wagner, Marc Oliver and Yannou, Bernard and Kehl, Steffen and Feillet, Dominique and Eggers, Jan},
  journal={Journal of Engineering Design},
  volume={14},
  number={2},
  pages={187--208},
  year={2003},
  publisher={Taylor \& Francis}
}

@inproceedings{dhakal2018observations,
author = {Dhakal, Vivek and Feit, Anna and Kristensson, Per Ola and Oulasvirta, Antti},
booktitle = {Proceedings of the 2018 CHI Conference on Human Factors in Computing Systems (CHI '18)},
title = {{Observations on Typing from 136 Million Keystrokes}},
year = {2018},
publisher = {ACM},
doi = {https://doi.org/10.1145/3173574.3174220},
keywords = {text entry, modern typing behavior, large-scale study}
}

@misc{iweb,
    author = {Davies, Mark},
year = {2018},
title = {The iWeb Corpus},
note = {Available online at 
    \url{https://www.english-corpora.org/iWeb/}.}
}

@article{rana2023machine,
  title={Machine learning and deep learning approach for medical image analysis: diagnosis to detection},
  author={Rana, Meghavi and Bhushan, Megha},
  journal={Multimedia Tools and Applications},
  volume={82},
  number={17},
  pages={26731--26769},
  year={2023},
  publisher={Springer}
}

@article{yasuoka2011prehistory,
  title={On the Prehistory of QWERTY},
  author={Yasuoka, Koichi and Yasuoka, Motoko},
  journal={Zinbun},
  volume={42},
  pages={161--174},
  year={2011},
  publisher={Institute for Research in Humanities Kyoto University}
}

@article{navarro2001guided,
  title={A guided tour to approximate string matching},
  author={Navarro, Gonzalo},
  journal={ACM computing surveys (CSUR)},
  volume={33},
  number={1},
  pages={31--88},
  year={2001},
  publisher={ACM New York, NY, USA}
}

@article{Ben-Ameur2004,
author={Ben-Ameur, Walid},
title={Computing the Initial Temperature of Simulated Annealing},
journal={Computational Optimization and Applications},
year={2004},
month={Dec},
day={01},
volume={29},
number={3},
pages={369-385},
abstract={The classical version of simulated annealing is based on a cooling schedule. Generally, the initial temperature is set such that the acceptance ratio of bad moves is equal to a certain value $\chi$0. In this paper, we first propose a simple algorithm to compute a temperature which is compatible with a given acceptance ratio. Then, we study the properties of the acceptance probability. It is shown that this function is convex for low temperatures and concave for high temperatures. We also provide a lower bound for the number of plateaux of a simulated annealing based on a geometric cooling schedule. Finally, many numerical experiments are reported.},
issn={1573-2894},
doi={10.1023/B:COAP.0000044187.23143.bd},
url={https://doi.org/10.1023/B:COAP.0000044187.23143.bd}
}

@article{kirkpatrick1983optimization,
  title={Optimization by simulated annealing},
  author={Kirkpatrick, Scott and Gelatt Jr, C Daniel and Vecchi, Mario P},
  journal={science},
  volume={220},
  number={4598},
  pages={671--680},
  year={1983},
  publisher={American association for the advancement of science}
}

@book{harris2004introduction,
  title={An introduction to the theory of the Boltzmann equation},
  author={Harris, Stewart},
  year={2004},
  publisher={Courier Corporation}
}

@article{granville1994simulated,
  title={Simulated annealing: A proof of convergence},
  author={Granville, Vincent and Kriv{\'a}nek, Mirko and Rasson, J-P},
  journal={IEEE transactions on pattern analysis and machine intelligence},
  volume={16},
  number={6},
  pages={652--656},
  year={1994},
  publisher={IEEE}
}
